@book{Introduction-to-ERP,
  Author = {Steven, J. Luck},
  Title = {An Introduction to the Event-Related Potential Technique (Cognitive Neuroscience)},
  Publisher = {A Bradford Book},
  Year = {2005},
  ISBN = {0262621967},
  URL = {http://www.amazon.com/Introduction-Event-Related-Potential-Technique-Neuroscience/dp/0262621967%3FSubscriptionId%3D0JYN1NVW651KCA56C102%26tag%3Dtechkie-20%26linkCode%3Dxm2%26camp%3D2025%26creative%3D165953%26creativeASIN%3D0262621967}
}

@article{incf-sustainability-report,
  Author = {van Pelt, J. and van Horn, J.},
  title = {1st INCF Workshop on Sustainability of Neuroscience Databases},
  journal = {Workshop report},
  note={Stockholm},
  year = {2007}
}

@inproceedings{Transformation-of-object-oriented-code-into-semantic-web-using-Java-annotations,
  Author = {Je\v{z}ek, P. and Mou\v{c}ek, R.},
  title = {Transformation of object-oriented code into semantic web using Java annotations},
  booktitle={13th International Conference on Enterprise Information System},
  year = {2011},
  pages = {207--210}
}

@inproceedings{Semantic-Web-in-EEG-ERP-Portal,
  Author = {Je\v{z}ek, P. and Mou\v{c}ek, R.},
  title = {Semantic Web in EEG/ERP Portal},
  booktitle={4th International Conference on Biomedical Engineering and Informatics},
  year = {2011},
  pages = {2076--2080},
  ISBN = {978-1-4244-9350-0},
  publisher = {New York: IEEE}
}


@book{9780444801258,
  Author = {Antoine Rémond},
  Title = {Handbook of Electroencephalography and Clinical Neurophysiology, Revised Series, Volume 1: Methods of Analysis of Brain Electrical and Magnetic Signals (v. 1-4)},
  Publisher = {Elsevier Science Ltd},
  Year = {1987},
  ISBN = {0444801251},
  URL = {http://www.amazon.com/Handbook-Electroencephalography-Clinical-Neurophysiology-Revised/dp/0444801251%3FSubscriptionId%3D0JYN1NVW651KCA56C102%26tag%3Dtechkie-20%26linkCode%3Dxm2%26camp%3D2025%26creative%3D165953%26creativeASIN%3D0444801251}
}
@book{9780262083331,
  Author = {Todd C. Handy},
  Title = {Event-Related Potentials: A Methods Handbook (Bradford Books)},
  Publisher = {A Bradford Book},
  Year = {2004},
  ISBN = {0262083337},
  URL = {http://www.amazon.com/Event-Related-Potentials-Methods-Handbook-Bradford/dp/0262083337%3FSubscriptionId%3D0JYN1NVW651KCA56C102%26tag%3Dtechkie-20%26linkCode%3Dxm2%26camp%3D2025%26creative%3D165953%26creativeASIN%3D0262083337}
}
}
@online{key-Understanding-how-to-brain-works,
    author	= {Johnson, G},
    year	= {2010},
    title	= {Understanding how to brain works. Traumatic Brain Injury survival guide},
    note	= {http://www.tbiguide.com/howbrainworks.html}
}

}
@book{Design-and-Analysis-of-Experiments,
  Author = {Angela M. Dean and Daniel Voss},
  Title = {Design and Analysis of Experiments (Springer Texts in Statistics)},
  Publisher = {Springer},
  Year = {1998},
  ISBN = {0387985611},
  URL = {http://www.amazon.com/Design-Analysis-Experiments-Springer-Statistics/dp/0387985611%3FSubscriptionId%3D0JYN1NVW651KCA56C102%26tag%3Dtechkie-20%26linkCode%3Dxm2%26camp%3D2025%26creative%3D165953%26creativeASIN%3D0387985611}
}
}
@Article{key-P300,
    author	= {Polich, J and Kok, A.,},
    year	= {1995},
    pages = {103 -- 146},
    title	= {Cognitive and biological determinants of P300: an integrative review, Biological Psychology},
    booktitle = {Elsevier Science 41},
    note	= {}
}
@online{key-EDF,
    author	= {Kemp, B},
    year	= {2010},
    title	= {European Data Format},
    note	= {http://www.edfplus.info/index.html}
}
@Article{key-simple-format-exchange-digitalized-recording,
    author	= {Kemp, B and Värri, A. and Rosa, A. C. and Nielsen, K. D. and Gade, J.},
    year	= {1992},
    title	= {A simple format for exchange of digitized polygraphic recordings},
    pages = {391 - 393},
booktitle = {Clinical Neurophysiology 82},
    note	= {}
}
@Article{key-walter-graphtek,
    author	= {},
    year	= {2010},
    title	= {Walter Graphtek },
    note	= {Http://www walter-graphtek.com/}
}
@Article{key-Natus,
    author	= {},
    year	= {2010},
    title	= {Natus},
    note	= {Http://www.natus.com/index.cfm?page=company\_1\&crid=139,}
}
@Article{key-Brainlab,
    author	= {},
    year	= {2010},
    title	= {Brainlab},
    note	= {Http://www.brainlab.be/}
}
@Article{key-OpenXDF,
    author	= {},
    year	= {2010},
    title	= {OpenXDF Consortium, OpenXDF, },
    note	= {Http://www.openxdf.org/}
}
@Article{key-Brain-Product,
    author	= {},
    year	= {2010},
    title	= {Brain Product,},
    note	= { Http://www.brainproducts.com/}
}

@book{weka,
  Author = {Donkin, A. and Witten, I.H.},
  Title = {1994 Second Australian and New Zealand Conference on Intelligent Information Systems},
  Publisher = {Ieee},
  Year = {1995},
  ISBN = {0780324048},
  URL = {http://www.amazon.com/Australian-Zealand-Conference-Intelligent-Information/dp/0780324048%3FSubscriptionId%3D0JYN1NVW651KCA56C102%26tag%3Dtechkie-20%26linkCode%3Dxm2%26camp%3D2025%26creative%3D165953%26creativeASIN%3D0780324048}
}

@book{neuroscience-databases-a-practical-guide,
  Author = {},
  Title = {Neuroscience Databases: A Practical Guide},
  Publisher = {Springer},
  Year = {2002},
  ISBN = {1402071655},
  URL = {http://www.amazon.com/Neuroscience-Databases-A-Practical-Guide/dp/1402071655%3FSubscriptionId%3D0JYN1NVW651KCA56C102%26tag%3Dtechkie-20%26linkCode%3Dxm2%26camp%3D2025%26creative%3D165953%26creativeASIN%3D1402071655}
}
}
@Article{key-Carmen,
    author	= {},
    year	= {2010},
    title	= {CARMEN Portal},
    note	= {Http://www.carmen.org.uk/}
}
@Article{key-incf-Japan-Node,
    author	= {},
    year	= {2010},
    title	= {INCF Japan Node, },
    note	= {Http://www.neuroinf.jp/}
}
@Article{NIF-Neuroinformatics,
    author	= {Gupta, A. and Bug, W. and Marenco, L. and Qian, X. and Condit, Ch. and Rangarajan, A. and M\"uller, H. M. and Miller, P. L. and Sanders, B.  and Grethe, J. S. and Astakhov, V. and Shepherd, G. and Sternberg, P. W. and Martone, M. E.},
    year	= {2008},
    title	= {Federated Access to Heterogeneous Information Resources in the Neuroscience Information Framework (NIF)},
    pages   = {205–-217},
    journal = {Neuroinformatics 6},
publisher = {Springer}
     }
}
@Article{key-disco,
    author	= {},
    year	={2010},
    title	= {The NIF DISCO Framework: Facilitating Automated Integration of Neuroscience Content on the Web, Neuroinformatics 8, Springer, Pp},
    note	= {101–112}
}
@online{ncbo-bioPortal,
    title	= {NCBO BioPortal},
    year	= {2010},
    note	= {http://bioportal/bioontology.org/ontologies/40510},
}
@InProceedings{key-driver-attention-while-double-stress,
    author	= {Mautner, P. and Mou\v{c}ek, R},
    year	= {2009},
    title	= {Driver attention while double stress - EEG/ERP experiment (Pozornost \v{r}idi\v{c}e p\v{r}i dvojí zát\v{e}ži \textendash{} EEG/ERP experiment in Czech)},
    pages	= {},
    isbn = {978-80-7248-516-1},
    booktitle = {Kognice a umelý život IX Opava},
    note	= {}
}
@book{semantic-web-primer,
  Author = {Grigoris Antoniou and Frank van Harmelen},
  Title = {A Semantic Web Primer (Cooperative Information Systems series)},
  Publisher = {The MIT Press},
  Year = {2004},
  ISBN = {0262012103},
  URL = {http://www.amazon.com/Semantic-Primer-Cooperative-Information-Systems/dp/0262012103%3FSubscriptionId%3D0JYN1NVW651KCA56C102%26tag%3Dtechkie-20%26linkCode%3Dxm2%26camp%3D2025%26creative%3D165953%26creativeASIN%3D0262012103}
}
}
@Article{key-the-semantic-web,
    author	= {Berners-Lee, T. and Hendler, J. and Lassila, O.},
    year	= {2001},
    month = {May},
    title	= {The Semantic Web, Scientific American Magazine},
    note	= {}
}
@Article{key-translation-between-ontologies,
    author	= {Obitko, M},
    year	= {2007},
    title	= {Translations between Ontologies in Multi-Agent Systems},
    publisher = {Ph.D. dissertation thesis, CTU, Prague},
    note	= {},
}

@Inproceedings{Transformation-relational-model-to-RDF-model,
  Author = {Yanhui Lv and Ma, Z M.},
  Title = {Transformation of relational model to RDF model 2008 IEEE},
  Publisher = {Ieee},
  booktitle = {International Conference on Systems, Man and Cybernetics (Smc)},
  Year = {2009},
  ISBN = {142442383X},
  URL = {http://www.amazon.com/2008-International-Conference-Systems-Cybernetics/dp/142442383X%3FSubscriptionId%3D0JYN1NVW651KCA56C102%26tag%3Dtechkie-20%26linkCode%3Dxm2%26camp%3D2025%26creative%3D165953%26creativeASIN%3D142442383X}
}

@Article{key-oom-advantages,
    author	= {Guimaraes, J de O.},
    year	= {1995},
    title	= {The object oriented model and its advantages},
    pages	= {0 -- 49},
    booktitle = {ACM SIGPLAN OOPS Messenger},
    note	= {}
}
@inproceedings{mapping-owl-into-java,
    author	= {Kalyanpur, A. and Pastor, D. J. and Padget, J. A.},
    year	= {2004},
    month   = {June},
    pages   = {98--103},
    title	= {Automatic Mapping of OWL Ontologies into Java},
    booktitle = {Software Engeering and Knowledge Engeering}
}
@Article{key-ontology-based-rdb,
    author	= {LePendu, P},
    year	= {2007},
    title	= {Ontology based Relational Databases},
    publisher = {University of Oregon},
    note	= {}
}
@inproceedings{key-ontology-based-integration,
    author	= {Dou, D and LePendu, P},
    year	= {2006},
    title	= {Ontology-based integration for relational databases},
    pages	= {461--466},
    booktitle = {ACM Symposium on Apllied Computing (SAC)},
    note	= {}
}
@InProceedings{key-integration-db-into-sem-web,
    author	= {LePendu, P. and Kim, S. and Qi, P. and Dou, D},
    year	= {2006},
    title	= {Integrating databases into the semantic web through an ontology-based framework},
    pages	= {54--63},
    booktitle	= {Proceedings of the 22nd International Conference on Data Engineering Workshops}
}
@inproceedings{owl-vs-oop,
    author	= {Koide, S. and Aasman, J. and Haflich, S.},
    year	= {2005},
    title	= {OWL vs. Object Oriented Programming},
    booktitle = {International Workshop on Semantic Web Enabled Software Engineering (SWESE)}
}

@ONLINE{Jena,
 author = {Apache Consorcium},
 title = {Apache Jena},
 month = jun,
 year = {2010},
 note = {http://jena sourceforge.net/}
 }


@ONLINE{key-SparQL,
    author	= {Prud\textquoteright{}hommeaux, E and Seaborne, A.},
    year	= {2005},
    title	= {SPARQL Query Language for RDF},
    month = {February},
    publisher = {W3C Recommendation},
    note	= {http://www.w3.org/TR/2005/WD-rdf-sparql-query-20050217/}
}
@ONLINE{key-squirrelRDF,
    author	= {Steer, D},
    year	= {2010},
    title	= {SquirrelRDF},
    note	= {http://jena.sourceforge.net/SquirrelRDF/}
}
@ONLINE{key-d2rq,
    author	= {},
    year	= {2010},
    title	= {The D2RQ Plattform - Treating Non-RDF Databases As Virtual RDF Graphs},
    note	= {Http://www.wiwiss.fu-berlin.de/bizer/d2rq/}
}
@ONLINE{key-Sesame,
    author	= {},
    year	= {2010},
    title	= {Sesame Sematic Web Toolkit},
    note	= {http://semanticweb.org/wiki/Sesame}
}

@ONLINE{java2owl,
 author = {DAML},
 title = {java2owl},
 month = may,
 year = {2012},
 note = {http://www.daml.org/2003/10/java2owl/}
 }

@Article{key-Java2OWL-S,
    author	= {},
    year	= {},
    title	= {Java2OWL-S, },
    note	= {http://www.daml.org/2003/10/java2owl/, Online, 2010}
}

@ONLINE{JenaBean,
 author = {Apache Foundation},
 title = {jenabean},
 month = {may},
 year = {2010},
 note = {http://code.google.com/p/jenabean/}
 }

@Article{key-OWL-API,
    author	= {},
    year	= {},
    title	= {The OWL Api, Http://owlapi},
    note	= {sourceforge.net/, Online, 2010}
}
@online{key-UML-basic,
    author	= {Bell, D},
    year	= {2011},
    title	= {UML basics: An introduction to the Unified Modeling Language},
    note	= {http://www.ibm.com/developerworks/rational/library/769.html}
}
@online{ODM,
    author	= {OMG Consorcium},
    year	= {2011},
    title	= {Ontology Definition Metamodel},
    note	= {Http://www/omg.org/spec/ODM/1.0/PDF/}
}
@Article{key-OCL,
    author	= {OMG Consorcium},
    year	= {2011},
    title	= {OMG Object Constraint Language (OCL)},
    note	= {Http://www.omg.org/spec/OCL/2.3.1/}
}
@InProceedings{ActiveRDF,
    author	= {Oren, E. and Delbru, R. and Gerke, S. and Haller, A. and Decker, S.},
    year	= {2007},
    title	= {ActiveRDF: object-oriented semantic web programming},
    pages	= {817--824},
    conference = {Proceedings of the 16th international conference on World Wide Web},
}
@Article{SOF,
    author	= {Po-Huan, Ch. and Chi-Chuan, L. and Kuo-Ming, Ch.},
    year	= {2009},
    title	= {Integrationg Semanic Web and Object-Oriented Programming for Cooperative Design},
    journal = {Journal of University Computer Science,vol. 15, no. 9},
}
@InProceedings{Web-Information-Representation,
    author	= {Liu, F. and Wang, J. and Dillon, S. T.},
    year	= {2007},
    title	= {Web Information Representation, Extraction and Reasoning based on Existing Programming Technology},
    pages	= {147--168},
    booktitle = {Computational Inteligence 37}

}
@online{key-The-Open-Journal-Project,
    author	= {Hitchcock, S},
    year	= {1998},
    title	= {, What is a Bean},
    publisher = {The Open Journal Project},
    note	= {http://journals.ecs.soton.ac.uk/java/tutorial/beans/whatis/simple-definition.html}
}
@Article{key-database-eeg-erp-experiments-healthinf,
    author	= {Pergler, J},
    year	= {2009},
    title	= {Database of ERP experiments - business and presentation layer (Databáze ERP experimentù - aplikaèní a prezentaèní vrstva), Thesis (in Czech)},
    publisher = {University of West Bohemia, Pilsen},
    note	= {}
}
@Article{key-nif-disco-framework,
    author	= {Marenco, L and Wang, R. and Shepherd, M. G. and Miller, P. L.,},
    year	= {2010},
    title	= {The NIF DISCO Framework: Facilitating Automated Integration of Neuroscience Content on the Web},
    booktitle	= {Journal Neuroinformatics no. 8}
}
@online{owl-web-ontology-language,
    author	= {W3C OWL Working Group},
    year	= {2011},
    title	= {OWL Web Ontology Language Reference},
    note	= {http://www/w3.org/TR/owl-ref/}
}
@online{owl-rdf-syntax-grammar,
    author	= {W3C OWL Working Group},
    year	= {2012},
    title	= {RDF/XML Syntax Specification (Revised)},
    publisher = {W3C Recommendation},
    note	= {Http://www.w3.org/TR/rdf-syntax-grammar/}
}
@book{Object-relational-mapping-High-impact-Strategies-What-You-Need-to-Know,
  Author = {Kevin Roebuck},
  Title = {Object-relational mapping (Orm): High-impact Strategies - What You Need to Know: Definitions, Adopti},
  Publisher = {Tebbo},
  Year = {2011},
  ISBN = {1743044755},
  URL = {http://www.amazon.com/Object-relational-mapping-Orm-High-impact-Definitions/dp/1743044755%3FSubscriptionId%3D0JYN1NVW651KCA56C102%26tag%3Dtechkie-20%26linkCode%3Dxm2%26camp%3D2025%26creative%3D165953%26creativeASIN%3D1743044755}
}
@Article{key-owl-features,
    author	= {W3C OWL Working Group},
    year	= {2004},
    month = {February},
    title	= {OWL Web Ontology Language},
    publisher = {W3C Recommendation},
    note	= {Http://www.org/TR/owl-features/}
}
@book{Database-Modeling-and-Design,
  Author = {Toby J. Teorey and Sam S. Lightstone and Tom Nadeau and H.V. Jagadish},
  Title = {Database Modeling and Design, Fifth Edition: Logical Design (The Morgan Kaufmann Series in Data Management Systems)},
  Publisher = {Morgan Kaufmann},
  Year = {2011},
  ISBN = {0123820200},
  URL = {http://www.amazon.com/Database-Modeling-Design-Fifth-Edition/dp/0123820200%3FSubscriptionId%3D0JYN1NVW651KCA56C102%26tag%3Dtechkie-20%26linkCode%3Dxm2%26camp%3D2025%26creative%3D165953%26creativeASIN%3D0123820200}
}
}
@Article{key-methods,
    author	= {Ciniburk, J. and Mouèek, R. and Mautner, P. and Øondík, T.},
    year	= {2010},
    title	= {ERP components detection using wavelet transform and matching pursuit algorithm},
    note	= {DCII, Prague}
}
@online{OWL2,
    author	= {W3C OWL Working Group},
    year	= {2009},
    month = {October},
    title	= {OWL 2 Web Ontology Language Document Overview},
    publisher = {W3C Recommendation},
    note	= {Http://www.org/TR/owl-overview/}
}
@inproceedings{OWL2-Next-Step,
    author	= {Graua, B. C. Horrocksa, I. and Motika, B. and Parsiab, B. and Patel-Schneiderc, P. and Sattlerb, U.},
    year	= {2008},
    month   = {November},
    title	= {OWL 2: The next step for OWL, Web Semantics},
    pages	= {309--322},
    publisher = {Elsevier},
    booktitle = {Services and Agents on the World Wide Web, Volume 6}

}
