@article{NIF-Neuroinformatics,
year={2008},
issn={1539-2791},
journal={Neuroinformatics},
volume={6},
issue={3},
doi={10.1007/s12021-008-9024-z},
title={The Neuroscience Information Framework: A Data and Knowledge Environment for Neuroscience},
url={http://dx.doi.org/10.1007/s12021-008-9024-z},
publisher={Humana Press Inc},
keywords={Neurodatabases; Data sharing; Terminologies; Portals},
author={Gardner, Daniel and Akil, Huda and Ascoli, GiorgioA. and Bowden, DouglasM. and Bug, William and Donohue, DuncanE. and Goldberg, DavidH. and Grafstein, Bernice and Grethe, JeffreyS. and Gupta, Amarnath and Halavi, Maryam and Kennedy, DavidN. and Marenco, Luis and Martone, MaryannE. and Miller, PerryL. and Müller, Hans-Michael and Robert, Adrian and Shepherd, GordonM. and Sternberg, PaulW. and Essen, DavidC. and Williams, RobertW.},
pages={149-160},
language={English}
}
